[gd_scene load_steps=5 format=1]

[ext_resource path="res://levels/scripts/level.gd" type="Script" id=1]
[ext_resource path="res://scenes/drag_drop.tscn" type="PackedScene" id=2]
[ext_resource path="res://levels/assets/shape9.png" type="Texture" id=3]
[ext_resource path="res://scenes/drop.tscn" type="PackedScene" id=4]

[node name="Node2D" type="Node2D"]

script/script = ExtResource( 1 )

[node name="Node2D" parent="." instance=ExtResource( 2 )]

[node name="drag" parent="Node2D"]

transform/pos = Vector2( 200, 100 )

[node name="CollisionShape2D" parent="Node2D/drag"]

transform/scale = Vector2( 1, 1 )

[node name="Sprite" parent="Node2D/drag"]

transform/scale = Vector2( 0.3, 0.3 )
texture = ExtResource( 3 )

[node name="drop" parent="Node2D"]

transform/pos = Vector2( 700, 100 )

[node name="CollisionShape2D" parent="Node2D/drop"]

transform/scale = Vector2( 0.5, 0.5 )

[node name="Sprite" parent="Node2D/drop"]

transform/scale = Vector2( 0.3, 0.3 )
texture = ExtResource( 3 )

[node name="Node2D1" parent="." instance=ExtResource( 2 )]

[node name="drag" parent="Node2D1"]

transform/pos = Vector2( 700, 400 )

[node name="CollisionShape2D" parent="Node2D1/drag"]

transform/scale = Vector2( 1, 1 )

[node name="Sprite" parent="Node2D1/drag"]

transform/scale = Vector2( 0.4, 0.4 )
texture = ExtResource( 3 )

[node name="drop" parent="Node2D1"]

transform/pos = Vector2( 900, 100 )

[node name="CollisionShape2D" parent="Node2D1/drop"]

transform/scale = Vector2( 0.5, 0.5 )

[node name="Sprite" parent="Node2D1/drop"]

transform/scale = Vector2( 0.4, 0.4 )
texture = ExtResource( 3 )

[node name="drop" parent="." instance=ExtResource( 4 )]

transform/pos = Vector2( 400, 100 )

[node name="Sprite" parent="drop"]

transform/scale = Vector2( 0.2, 0.2 )
texture = ExtResource( 3 )

[node name="drop1" parent="." instance=ExtResource( 4 )]

transform/pos = Vector2( 400, 400 )

[node name="Sprite" parent="drop1"]

transform/scale = Vector2( 0.5, 0.5 )
texture = ExtResource( 3 )


[editable path="Node2D"]
[editable path="Node2D/drag"]
[editable path="Node2D/drop"]
[editable path="Node2D1"]
[editable path="Node2D1/drag"]
[editable path="Node2D1/drop"]
[editable path="drop"]
[editable path="drop1"]
